@misc{axelrodproject,
  author       = {{ {The Axelrod project developers} }},
  title        = {Axelrod: 4.4.0},
  month        = apr,
  year         = 2016,
  doi          = {10.5281/zenodo.1476181},
  url          = {http://dx.doi.org/10.5281/zenodo.<DOI NUMBER>}
}
@article{Axelrod1981,
  title={The evolution of cooperation},
  author={Axelrod, Robert and Hamilton, William D},
  journal={science},
  volume={211},
  number={4489},
  pages={1390--1396},
  year={1981},
  publisher={American Association for the Advancement of Science}
}
@phdthesis{Tanese1989,
 author = {Tanese, Reiko},
 title = {Distributed Genetic Algorithms for Function Optimization},
 year = {1989},
 note = {AAI9001722},
 publisher = {University of Michigan},
 address = {Ann Arbor, MI, USA},
}
@article{McCulloch1943,
author="McCulloch, Warren S.
and Pitts, Walter",
title="A logical calculus of the ideas immanent in nervous activity",
journal="The bulletin of mathematical biophysics",
year="1943",
month="Dec",
day="01",
volume="5",
number="4",
pages="115--133",
issn="1522-9602",
doi="10.1007/BF02478259",
url="https://doi.org/10.1007/BF02478259"
}
@article{Lecun2015,
  title={Deep learning},
  author={LeCun, Yann and Bengio, Yoshua and Hinton, Geoffrey},
  journal={nature},
  volume={521},
  number={7553},
  pages={436},
  year={2015},
  publisher={Nature Publishing Group}
}
@article{Hochreiter1997,
 author = {Hochreiter, Sepp and Schmidhuber, Jurgen},
 title = {Long Short-Term Memory},
 journal = {Neural Comput.},
 issue_date = {November 15, 1997},
 volume = {9},
 number = {8},
 month = nov,
 year = {1997},
 issn = {0899-7667},
 pages = {1735--1780},
 numpages = {46},
 url = {http://dx.doi.org/10.1162/neco.1997.9.8.1735},
 doi = {10.1162/neco.1997.9.8.1735},
 acmid = {1246450},
 publisher = {MIT Press},
 address = {Cambridge, MA, USA},
}